@article{WSDM1,
author = {Castelyn, Sven and De Troyer, Olga and Plessers, Peter},
title = {WSDM - Web Semantic Design Method},
year = {2015},
journal = {https://wise.vub.ac.be/content/wsdm-web-semantic-design-method},
note = {Retrieved on May 21, 2015},
}

@article{WSDM2,
author = {Castelyn, Sven and De Troyer, Olga and Plessers, Peter},
title = {WSDM: Web Semantic Design Method},
year = {2015},
pages = {1-3},
journal = {https://wise.vub.ac.be/content/wsdm-web-semantic-design-method},
note = {Retrieved on May 21, 2015},
}



@incollection{WSDM3,
	author    = {Castelyn, Sven and Daniel, Florian and Dolog, Peter and Matera Maristella},
    title     = {The Development Process},
    publisher = {Springer},
	booktitle= {Engineering Web Applications},
	volume	= {1},
	chapter= {3},
	pages	= {72-80},
	year	= {2009},
}
